%% This BibTeX bibliography file was created using BibDesk.
%% http://bibdesk.sourceforge.net/

%% Created for Paolo Aurecchia at 2019-05-29 11:18:47 +0200 


%% Saved with string encoding Unicode (UTF-8) 


@proceedings{geopaxos,
	Author = {Paulo Coelho, Fernando Pedone},
	Date-Added = {2019-05-29 07:59:38 +0000},
	Date-Modified = {2019-05-29 07:59:59 +0000},
	Title = {Geographic State Machine Replication},
	Year = {2018}}

@article{bbggs:iet07,
	Author = {L. Baresi and D. Bianculli and C. Ghezzi and S. Guinea and P. Spoletini},
	Doi = {10.1049/iet-sen:20070027},
	Journal = {IET Software},
	Number = {6},
	Pages = {219--232},
	Publisher = {IET},
	Title = {Validation of web service compositions},
	Url = {http://link.aip.org/link/?SEN/1/219/1},
	Volume = {1},
	Year = {2007},
	Bdsk-Url-1 = {http://link.aip.org/link/?SEN/1/219/1},
	Bdsk-Url-2 = {http://dx.doi.org/10.1049/iet-sen:20070027}}

@inproceedings{bjbgf:icsoc07,
	Author = {Domenico Bianculli and Radu Jorca and Walter Binder and Carlo Ghezzi and Boi Faltings},
	Booktitle = {Proceedings of ICSOC'07, International Conference on Service-Oriented Computing},
	Month = {September},
	Pages = {449--455},
	Publisher = {Springer-Verlag},
	Series = {Lecture Notes in Computer Science},
	Title = {Automated Dynamic Maintenance of Composite Services based on Service Reputation},
	Volume = 4749,
	Year = 2007}

@inproceedings{bg:soswe07,
	Address = {New York, NY, USA},
	Author = {Domenico Bianculli and Carlo Ghezzi},
	Booktitle = {Proceedings of the 2nd International Workshop on Service-Oriented Software Engineering (IW-SOSWE'07), co-located with ESEC/FSE 2007},
	Month = {September},
	Pages = {15--21},
	Publisher = {ACM Press},
	Title = {Monitoring Conversational Web Services},
	Year = 2007}

@inproceedings{BSMPS:FSEN07,
	Author = {Domenico Bianculli and Paola Spoletini and Angelo Morzenti and Matteo Pradella and Pierluigi {San Pietro}},
	Booktitle = {Proceedings of International Symposium on Fundamentals of Software Engineering (FSEN 2007)},
	Month = {April},
	Pages = {388--395},
	Publisher = {Springer Verlag},
	Series = {Lecture Notes in Computer Science},
	Title = {Model checking temporal metric specification with {Trio2Promela}},
	Volume = 4767,
	Year = 2007}

@inproceedings{bmpss:icse07,
	Address = {Los Alamitos, CA, USA},
	Author = {Domenico Bianculli and Angelo Morzenti and Matteo Pradella and San Pietro, Pierluigi and Paola Spoletini},
	Booktitle = {29th International Conference on Software Engineering (ICSE'07 Companion)},
	Doi = {http://doi.ieeecomputersociety.org/10.1109/ICSECOMPANION.2007.79},
	Isbn = {0-7695-2892-9},
	Location = {Minneapolis, MN},
	Month = {May},
	Note = {Research Demo.},
	Pages = {61--62},
	Publisher = {IEEE Computer Society},
	Title = {{Trio2Promela}: a Model Checker for Temporal Metric Specifications},
	Year = {2007},
	Bdsk-Url-1 = {http://doi.ieeecomputersociety.org/10.1109/ICSECOMPANION.2007.79}}

@inproceedings{bgs:soca07,
	Author = {Domenico Bianculli and Carlo Ghezzi and Paola Spoletini},
	Booktitle = {{Proceedings of the 2007 IEEE International Conference on Service-Oriented Computing and Applications (IEEE SOCA 2007)}},
	Month = JUN,
	Pages = {13--20},
	Publisher = {IEEE Computer Society Press},
	Title = {A model checking approach to verify {BPEL4WS} workflows},
	Year = 2007}

@inproceedings{bbggs:icws2007,
	Author = {Luciano Baresi and Domenico Bianculli and Carlo Ghezzi and Sam Guinea and Paola Spoletini},
	Booktitle = {Proceedings of the IEEE International Conference on Web Services (ICWS 2007)},
	Location = {Salt Lake City, Utah},
	Month = {July},
	Pages = {663--670},
	Publisher = {IEEE Computer Society Press},
	Title = {A Timed extension of {WSCoL}},
	Year = {2007}}

@book{annabook,
	Address = {New York, NY, USA},
	Author = {David C. Luckham and Friedrich W. von Henke and Bernd Krieg-Brueckner and Olaf Owe},
	Isbn = {0-387-17980-1},
	Publisher = {Springer-Verlag},
	Title = {{ANNA}: a language for annotating Ada programs},
	Year = {1987}}

@unpublished{bpelspec,
	Author = {Andrews, Tony and Curbera, Francisco and Dholakia, Hitesh and Goland, Yaron and Klein, Johannes and Leymann, Frank and Liu, Kevin and Roller, Dieter and Smith, Doug and Thatte, Satish and Trickovic, Ivana and Weerawarana, Sanjiva},
	Month = may,
	Note = {BPEL4WS specification},
	Title = {{Business Process Execution Language for Web Services, Version 1.1}},
	Year = 2003}

@Book{b+tree,
 author = {Elmasri, Ramez},
 title = {Fundamentals of database systems},
 publisher = {Addison-Wesley},
 year = {2011},
 address = {Boston},
 isbn = {9780136086208}
 }

 @article{B-tree,
 author = {Comer, Douglas},
 title = {Ubiquitous B-Tree},
 journal = {ACM Comput. Surv.},
 issue_date = {June 1979},
 volume = {11},
 number = {2},
 month = jun,
 year = {1979},
 issn = {0360-0300},
 pages = {121--137},
 numpages = {17},
 url = {http://doi.acm.org/10.1145/356770.356776},
 doi = {10.1145/356770.356776},
 acmid = {356776},
 publisher = {ACM},
 address = {New York, NY, USA},
} 

BibTeX | EndNote | ACM Ref
@article{bigtable,
 author = {Chang, Fay and Dean, Jeffrey and Ghemawat, Sanjay and Hsieh, Wilson C. and Wallach, Deborah A. and Burrows, Mike and Chandra, Tushar and Fikes, Andrew and Gruber, Robert E.},
 title = {Bigtable: A Distributed Storage System for Structured Data},
 journal = {ACM Trans. Comput. Syst.},
 issue_date = {June 2008},
 volume = {26},
 number = {2},
 month = jun,
 year = {2008},
 issn = {0734-2071},
 pages = {4:1--4:26},
 articleno = {4},
 numpages = {26},
 url = {http://doi.acm.org/10.1145/1365815.1365816},
 doi = {10.1145/1365815.1365816},
 acmid = {1365816},
 publisher = {ACM},
 address = {New York, NY, USA},
 keywords = {Large-Scale Distributed Storage},
} 

@inproceedings{dynamo,
 author = {DeCandia, Giuseppe and Hastorun, Deniz and Jampani, Madan and Kakulapati, Gunavardhan and Lakshman, Avinash and Pilchin, Alex and Sivasubramanian, Swaminathan and Vosshall, Peter and Vogels, Werner},
 title = {Dynamo: Amazon's Highly Available Key-value Store},
 booktitle = {Proceedings of Twenty-first ACM SIGOPS Symposium on Operating Systems Principles},
 series = {SOSP '07},
 year = {2007},
 isbn = {978-1-59593-591-5},
 location = {Stevenson, Washington, USA},
 pages = {205--220},
 numpages = {16},
 url = {http://doi.acm.org/10.1145/1294261.1294281},
 doi = {10.1145/1294261.1294281},
 acmid = {1294281},
 publisher = {ACM},
 address = {New York, NY, USA},
 keywords = {performance, reliability, scalability},
} 

@INPROCEEDINGS{baton,
    author = {H. V. Jagadish and Beng Chin Ooi and Quang Hieu Vu},
    title = {BATON: A Balanced Tree Structure for Peer-to-Peer Networks},
    booktitle = {In VLDB},
    year = {2005},
    pages = {661--672}
}


@Misc{amazonEC2,
howpublished = {\url{https://aws.amazon.com/ec2/}},
note = {Accessed May 29, 2019},
title = {Amazon EC2},
author = {Amazon}
}

@Misc{azure,
howpublished = {\url{https://azure.microsoft.com/en-us/}},
note = {Accessed May 29, 2019},
title = {Microsoft Azure},
author = {Microsoft}
}

@Misc{druid,
howpublished = {\url{http://druid.io}},
note = {Accessed May 29, 2019},
title = {Druid},
author = {}
}

@Misc{couchbase,
howpublished = {\url{https://www.couchbase.com}},
note = {Accessed May 29, 2019},
title = {Couchbase},
author = {}
}

@Misc{galaxy,
howpublished = {\url{https://usegalaxy.org}},
note = {Accessed May 29, 2019},
title = {galaxy},
author = {}
}

@Misc{libevent,
howpublished = {\url{https://libevent.org}},
note = {Accessed May 30, 2019},
title = {libevent},
author = {}
}

@Misc{libpaxos,
howpublished = {\url{https://bitbucket.org/sciascid/libpaxos/src/master/}},
note = {Accessed May 30, 2019},
title = {libpaxos},
author = {}
}

@Misc{libmcast,
howpublished = {\url{https://bitbucket.org/paulo_coelho/libmcast/src/master/}},
note = {Accessed May 30, 2019},
title = {libmcast},
author = {}
}

@book{zipf,
author = {, Zipf and K, George},
year = {1949},
month = {01},
pages = {},
title = {Human behavior and the principle of least effort: An introduction to human ecology},
volume = {47},
journal = {Psychological Bulletin - PSYCHOL BULL},
doi = {10.1037/h0052442}
}

@INPROCEEDINGS{social,
    author = {A. Comber, C. Brunsdon, M. Batty and A. Hudson-Smith and F. Neuhaus and S. Gray},
    title = {Geographic Analysis of Social Network Data},
	booktitle = {Proceedings of the AGILE 2012 International Conference on Geographic Information Science},
    year = {2012},
    pages = {293-296}
}


https://usegalaxy.org


[download]